@misc{gilbert2023reward,
      title={Reward Reports for Reinforcement Learning}, 
      author={Thomas Krendl Gilbert and Nathan Lambert and Sarah Dean and Tom Zick and Aaron Snoswell},
      year={2023},
      eprint={2204.10817},
      archivePrefix={arXiv},
      primaryClass={cs.LG}
}

@misc{reinforcementLearningMarket2023,   author = {Apoorv Priyadarshi and Akanksha Pandey and Vineet Kumar},   title = {Reinforcement Learning Market Size, Share, Competitive Landscape and Trend Analysis Report},   year = {2023},   howpublished = {\url{https://www.alliedmarketresearch.com/reinforcement-learning-market-A229407}},   note = "[Online; accessed 2024-03-26]" }

@misc{kirk2023personalisation,
      title={Personalisation within bounds: A risk taxonomy and policy framework for the alignment of large language models with personalised feedback}, 
      author={Hannah Rose Kirk and Bertie Vidgen and Paul Röttger and Scott A. Hale},
      year={2023},
      eprint={2303.05453},
      archivePrefix={arXiv},
      primaryClass={cs.CL}
}

@misc{baker2020emergent,
      title={Emergent Tool Use From Multi-Agent Autocurricula}, 
      author={Bowen Baker and Ingmar Kanitscheider and Todor Markov and Yi Wu and Glenn Powell and Bob McGrew and Igor Mordatch},
      year={2020},
      eprint={1909.07528},
      archivePrefix={arXiv},
      primaryClass={cs.LG}
}

@misc{openai2019dota,
      title={Dota 2 with Large Scale Deep Reinforcement Learning}, 
      author={OpenAI and : and Christopher Berner and Greg Brockman and Brooke Chan and Vicki Cheung and Przemysław Dębiak and Christy Dennison and David Farhi and Quirin Fischer and Shariq Hashme and Chris Hesse and Rafal Józefowicz and Scott Gray and Catherine Olsson and Jakub Pachocki and Michael Petrov and Henrique P. d. O. Pinto and Jonathan Raiman and Tim Salimans and Jeremy Schlatter and Jonas Schneider and Szymon Sidor and Ilya Sutskever and Jie Tang and Filip Wolski and Susan Zhang},
      year={2019},
      eprint={1912.06680},
      archivePrefix={arXiv},
      primaryClass={cs.LG}
}
@misc{foerster2018learning,
      title={Learning with Opponent-Learning Awareness}, 
      author={Jakob N. Foerster and Richard Y. Chen and Maruan Al-Shedivat and Shimon Whiteson and Pieter Abbeel and Igor Mordatch},
      year={2018},
      eprint={1709.04326},
      archivePrefix={arXiv},
      primaryClass={cs.AI}
}

@misc{lowe2020multiagent,
      title={Multi-Agent Actor-Critic for Mixed Cooperative-Competitive Environments}, 
      author={Ryan Lowe and Yi Wu and Aviv Tamar and Jean Harb and Pieter Abbeel and Igor Mordatch},
      year={2020},
      eprint={1706.02275},
      archivePrefix={arXiv},
      primaryClass={cs.LG}
}

@misc{suarez2019neural,
      title={Neural MMO: A Massively Multiagent Game Environment for Training and Evaluating Intelligent Agents}, 
      author={Joseph Suarez and Yilun Du and Phillip Isola and Igor Mordatch},
      year={2019},
      eprint={1903.00784},
      archivePrefix={arXiv},
      primaryClass={cs.MA}
}

@misc{lux-ai-season-2,
    author = {Stone Tao and Isabelle Pan and Bovard Doerschuk-Tiberi and Addison Howard},
    title = {Lux AI Season 2},
    publisher = {Kaggle},
    year = {2023},
    url = {https://kaggle.com/competitions/lux-ai-season-2}
}

@misc{agapiou2023melting,
      title={Melting Pot 2.0}, 
      author={John P. Agapiou and Alexander Sasha Vezhnevets and Edgar A. Duéñez-Guzmán and Jayd Matyas and Yiran Mao and Peter Sunehag and Raphael Köster and Udari Madhushani and Kavya Kopparapu and Ramona Comanescu and DJ Strouse and Michael B. Johanson and Sukhdeep Singh and Julia Haas and Igor Mordatch and Dean Mobbs and Joel Z. Leibo},
      year={2023},
      eprint={2211.13746},
      archivePrefix={arXiv},
      primaryClass={cs.MA}
}

@misc{wong2022deep,
      title={Deep Multiagent Reinforcement Learning: Challenges and Directions}, 
      author={Annie Wong and Thomas Bäck and Anna V. Kononova and Aske Plaat},
      year={2022},
      eprint={2106.15691},
      archivePrefix={arXiv},
      primaryClass={cs.LG}
}

@inproceedings{luxais2_neurips_23,
  title         =     {Lux AI Challenge Season 2, NeurIPS Edition},
  author        =     {Stone Tao and Qimai Li and Yuhao Jiang and Jiaxin Chen and Xiaolong Zhu and Bovard Doerschuk-Tiberi and Isabelle Pan and Addison Howard},
  booktitle     =     {Thirty-seventh Conference on Neural Information Processing Systems: Competition Track},
  url           =     {https://github.com/Lux-AI-Challenge/Lux-Design-S2},
  year          =     {2023}
}

@misc{chen2023emergent,
      title={Emergent collective intelligence from massive-agent cooperation and competition}, 
      author={Hanmo Chen and Stone Tao and Jiaxin Chen and Weihan Shen and Xihui Li and Chenghui Yu and Sikai Cheng and Xiaolong Zhu and Xiu Li},
      year={2023},
      eprint={2301.01609},
      archivePrefix={arXiv},
      primaryClass={cs.AI}
}

@misc{ye2023global,
      title={Towards Global Optimality in Cooperative MARL with the Transformation And Distillation Framework}, 
      author={Jianing Ye and Chenghao Li and Jianhao Wang and Chongjie Zhang},
      year={2023},
      eprint={2207.11143},
      archivePrefix={arXiv},
      primaryClass={cs.MA}
}

@misc{leroy2020qvmix,
      title={QVMix and QVMix-Max: Extending the Deep Quality-Value Family of Algorithms to Cooperative Multi-Agent Reinforcement Learning}, 
      author={Pascal Leroy and Damien Ernst and Pierre Geurts and Gilles Louppe and Jonathan Pisane and Matthia Sabatelli},
      year={2020},
      eprint={2012.12062},
      archivePrefix={arXiv},
      primaryClass={cs.LG}
}

@misc{piccoli2023control,
      title={Control of multi-agent systems: results, open problems, and applications}, 
      author={Benedetto Piccoli},
      year={2023},
      eprint={2302.12308},
      archivePrefix={arXiv},
      primaryClass={math.OC}
}

@article{Politowski_2020,
   title={A large scale empirical study of the impact of Spaghetti Code and Blob anti-patterns on program comprehension},
   volume={122},
   ISSN={0950-5849},
   url={http://dx.doi.org/10.1016/j.infsof.2020.106278},
   DOI={10.1016/j.infsof.2020.106278},
   journal={Information and Software Technology},
   publisher={Elsevier BV},
   author={Politowski, Cristiano and Khomh, Foutse and Romano, Simone and Scanniello, Giuseppe and Petrillo, Fabio and Guéhéneuc, Yann-Gaël and Maiga, Abdou},
   year={2020},
   month=jun, pages={106278} }


@misc{ry_andy,   
    author = {Ryan Anderson},   
    title = {Logic-based Lux Strategy},   
    year = {2023},   
    howpublished = {\url{https://www.kaggle.com/competitions/lux-ai-season-2/discussion/407982}},   
    note = "[Online; accessed 2024-03-26]" }

@misc{tigga,   
    author = {T. Tigga},   
    title = {Yet Another Logic-Bot},   
    year = {2023},   
    howpublished = {\url{https://www.kaggle.com/competitions/lux-ai-season-2/discussion/405476}},   
    note = "[Online; accessed 2024-03-26]" }

@misc{kostuch,   
    author = {Philipp Kostuch},   
    title = {Pure Logic Approach},   
    year = {2023},   
    howpublished = {\url{https://www.kaggle.com/competitions/lux-ai-season-2/discussion/405245}},   
    note = "[Online; accessed 2024-03-26]" }

@misc{nagradov,   
    author = {Eugene Nagradov},   
    title = {IL-based Solution},   
    year = {2023},   
    howpublished = {\url{https://www.kaggle.com/competitions/lux-ai-season-2/discussion/461697}},   
    note = "[Online; accessed 2024-03-26]" }

@misc{ferdinand,   
    author = {Ferdinand Limburg},   
    title = {FLG's Approach},   
    year = {2023},   
    howpublished = {\url{https://www.kaggle.com/competitions/lux-ai-season-2/discussion/406702}},   
    note = "[Online; accessed 2024-03-26]" }

@misc{du2024survey,
      title={A Survey on Context-Aware Multi-Agent Systems: Techniques, Challenges and Future Directions}, 
      author={Hung Du and Srikanth Thudumu and Rajesh Vasa and Kon Mouzakis},
      year={2024},
      eprint={2402.01968},
      archivePrefix={arXiv},
      primaryClass={cs.MA}
}

@article{Aguayo_Canela_2021,
   title={Enriched multi-agent middleware for building rule-based distributed security solutions for IoT environments},
   volume={77},
   ISSN={1573-0484},
   url={http://dx.doi.org/10.1007/s11227-021-03797-2},
   DOI={10.1007/s11227-021-03797-2},
   number={11},
   journal={The Journal of Supercomputing},
   publisher={Springer Science and Business Media LLC},
   author={Aguayo-Canela, Francisco José and Alaiz-Moretón, Héctor and García-Ordás, María Teresa and Benítez-Andrades, José Alberto and Benavides, Carmen and García-Rodríguez, Isaías},
   year={2021},
   month=apr, pages={13046–13068} }

@article{imit_learning,
author = {Hussein, Ahmed and Gaber, Mohamed Medhat and Elyan, Eyad and Jayne, Chrisina},
title = {Imitation Learning: A Survey of Learning Methods},
year = {2017},
issue_date = {March 2018},
publisher = {Association for Computing Machinery},
address = {New York, NY, USA},
volume = {50},
number = {2},
issn = {0360-0300},
url = {https://doi.org/10.1145/3054912},
doi = {10.1145/3054912},
journal = {ACM Comput. Surv.},
month = apr,
articleno = {21},
numpages = {35},
}

@misc{goecks2022combining,
      title={Combining Learning from Human Feedback and Knowledge Engineering to Solve Hierarchical Tasks in Minecraft}, 
      author={Vinicius G. Goecks and Nicholas Waytowich and David Watkins-Valls and Bharat Prakash},
      year={2022},
      eprint={2112.03482},
      archivePrefix={arXiv},
      primaryClass={cs.LG}
}

@misc{garg2022iqlearn,
      title={IQ-Learn: Inverse soft-Q Learning for Imitation}, 
      author={Divyansh Garg and Shuvam Chakraborty and Chris Cundy and Jiaming Song and Matthieu Geist and Stefano Ermon},
      year={2022},
      eprint={2106.12142},
      archivePrefix={arXiv},
      primaryClass={cs.LG}
}

@misc{epoch2023pcdtrends,
  title = "Parameter, Compute and Data Trends in Machine Learning",
  author = {Epoch},
  year = 2024,
  url = {https://epochai.org/data/epochdb/visualization},
  note = "Accessed: 2024-03-31"
}

@inproceedings{Sevilla_2022,
   title={Compute Trends Across Three Eras of Machine Learning},
   url={http://dx.doi.org/10.1109/IJCNN55064.2022.9891914},
   DOI={10.1109/ijcnn55064.2022.9891914},
   booktitle={2022 International Joint Conference on Neural Networks (IJCNN)},
   publisher={IEEE},
   author={Sevilla, Jaime and Heim, Lennart and Ho, Anson and Besiroglu, Tamay and Hobbhahn, Marius and Villalobos, Pablo},
   year={2022},
   month=jul }

@misc{eberhardinger2023learning,
      title={Learning of Generalizable and Interpretable Knowledge in Grid-Based Reinforcement Learning Environments}, 
      author={Manuel Eberhardinger and Johannes Maucher and Setareh Maghsudi},
      year={2023},
      eprint={2309.03651},
      archivePrefix={arXiv},
      primaryClass={cs.AI}
}

@misc{khorasgani2022knearest,
      title={K-nearest Multi-agent Deep Reinforcement Learning for Collaborative Tasks with a Variable Number of Agents}, 
      author={Hamed Khorasgani and Haiyan Wang and Hsiu-Khuern Tang and Chetan Gupta},
      year={2022},
      eprint={2201.07092},
      archivePrefix={arXiv},
      primaryClass={cs.LG}
}

@misc{min2024dynamic,
      title={Dynamic Reward Adjustment in Multi-Reward Reinforcement Learning for Counselor Reflection Generation}, 
      author={Do June Min and Veronica Perez-Rosas and Kenneth Resnicow and Rada Mihalcea},
      year={2024},
      eprint={2403.13578},
      archivePrefix={arXiv},
      primaryClass={cs.CL}
}

@article{Tan_2024,
   title={Multi-Objective Optimization Using Adaptive Distributed Reinforcement Learning},
   ISSN={1558-0016},
   url={http://dx.doi.org/10.1109/TITS.2024.3378007},
   DOI={10.1109/tits.2024.3378007},
   journal={IEEE Transactions on Intelligent Transportation Systems},
   publisher={Institute of Electrical and Electronics Engineers (IEEE)},
   author={Tan, Jing and Khalili, Ramin and Karl, Holger},
   year={2024},
   pages={1–13} }


@misc{zheng2024multiagent,
      title={Multi-Agent Reinforcement Learning with a Hierarchy of Reward Machines}, 
      author={Xuejing Zheng and Chao Yu},
      year={2024},
      eprint={2403.07005},
      archivePrefix={arXiv},
      primaryClass={cs.AI}
}

@article{Lee_2020,
   title={Optimization for Reinforcement Learning: From a single agent to cooperative agents},
   volume={37},
   ISSN={1558-0792},
   url={http://dx.doi.org/10.1109/MSP.2020.2976000},
   DOI={10.1109/msp.2020.2976000},
   number={3},
   journal={IEEE Signal Processing Magazine},
   publisher={Institute of Electrical and Electronics Engineers (IEEE)},
   author={Lee, Donghwan and He, Niao and Kamalaruban, Parameswaran and Cevher, Volkan},
   year={2020},
   month=may, pages={123–135} }

@book{Sutton1998,
  added-at = {2019-07-13T10:11:53.000+0200},
  author = {Sutton, Richard S. and Barto, Andrew G.},
  biburl = {https://www.bibsonomy.org/bibtex/2f46601cf8b13d39d1378af0d79438b12/lanteunis},
  edition = {Second},
  interhash = {ac6b144aaec1819919a2fba9f705c852},
  intrahash = {f46601cf8b13d39d1378af0d79438b12},
  keywords = {},
  publisher = {The MIT Press},
  timestamp = {2019-07-13T10:11:53.000+0200},
  title = {Reinforcement Learning: An Introduction},
  url = {http://incompleteideas.net/book/the-book-2nd.html},
  year = {2018 }
}

@article{SpinningUp2018,
    author = {Achiam, Joshua},
    title = {{Spinning Up in Deep Reinforcement Learning}},
    year = {2018}
}

@misc{mnih2013playing,
      title={Playing Atari with Deep Reinforcement Learning}, 
      author={Volodymyr Mnih and Koray Kavukcuoglu and David Silver and Alex Graves and Ioannis Antonoglou and Daan Wierstra and Martin Riedmiller},
      year={2013},
      eprint={1312.5602},
      archivePrefix={arXiv},
      primaryClass={cs.LG}
}

@article{SilverHuangEtAl16nature,
  added-at = {2016-05-21T09:09:48.000+0200},
  author = {Silver, David and Huang, Aja and Maddison, Chris J. and Guez, Arthur and Sifre, Laurent and van den Driessche, George and Schrittwieser, Julian and Antonoglou, Ioannis and Panneershelvam, Veda and Lanctot, Marc and Dieleman, Sander and Grewe, Dominik and Nham, John and Kalchbrenner, Nal and Sutskever, Ilya and Lillicrap, Timothy and Leach, Madeleine and Kavukcuoglu, Koray and Graepel, Thore and Hassabis, Demis},
  biburl = {https://www.bibsonomy.org/bibtex/29e987f58d895c490144693139cbc90c7/flint63},
  doi = {10.1038/nature16961},
  file = {Nature online:2016/SilverHuangEtAl16nature.pdf:PDF},
  groups = {public},
  interhash = {48430c7891aaf9fe2582faa8f5d076c1},
  intrahash = {9e987f58d895c490144693139cbc90c7},
  issn = {0028-0836},
  journal = {Nature},
  keywords = {01614 paper ai google learn algorithm},
  month = jan,
  number = 7587,
  pages = {484--489},
  timestamp = {2018-04-16T12:03:12.000+0200},
  title = {Mastering the Game of {Go} with Deep Neural Networks and Tree Search},
  username = {flint63},
  volume = 529,
  year = 2016
}


@misc{tang2020discretizing,
      title={Discretizing Continuous Action Space for On-Policy Optimization}, 
      author={Yunhao Tang and Shipra Agrawal},
      year={2020},
      eprint={1901.10500},
      archivePrefix={arXiv},
      primaryClass={cs.LG}
}

@inproceedings{AlMahamid_2021,
   title={Reinforcement Learning Algorithms: An Overview and Classification},
   url={http://dx.doi.org/10.1109/CCECE53047.2021.9569056},
   DOI={10.1109/ccece53047.2021.9569056},
   booktitle={2021 IEEE Canadian Conference on Electrical and Computer Engineering (CCECE)},
   publisher={IEEE},
   author={AlMahamid, Fadi and Grolinger, Katarina},
   year={2021},
   month=sep }


@Inbook{Athreya2006,
title="Laws of Large Numbers",
author = "Krishna B. Athreya and Soumendra N. Lahiri",
bookTitle="Measure Theory and Probability Theory",
year="2006",
publisher="Springer New York",
address="New York, NY",
pages="237--285",
isbn="978-0-387-35434-7",
doi="10.1007/978-0-387-35434-7_9",
url="https://doi.org/10.1007/978-0-387-35434-7_9"
}

@techreport{dellavecchia,
  TITLE = {{Illustrated review of convergence conditions of the value iteration algorithm and the rolling horizon procedure for average-cost MDPs}},
  AUTHOR = {Della Vecchia, Eugenio and Di Marco, Silvia C. and Jean-Marie, Alain},
  URL = {https://inria.hal.science/inria-00617271},
  TYPE = {Research Report},
  NUMBER = {RR-7710},
  INSTITUTION = {{LIRMM ; INRIA}},
  YEAR = {2011},
  MONTH = Aug,
  PDF = {https://inria.hal.science/inria-00617271/file/RR-7710.pdf},
  HAL_ID = {inria-00617271},
  HAL_VERSION = {v1},
}

@book{2010Szepesvari,
  added-at = {2023-10-17T00:00:00.000+0200},
  author = {Szepesvári, Csaba},
  biburl = {https://www.bibsonomy.org/bibtex/2d2979dabad118da034e140ba2cccbc17/dblp},
  ee = {https://doi.org/10.1007/978-3-031-01551-9},
  interhash = {46c07bb11e2b5fe91663d461efbc2af1},
  intrahash = {d2979dabad118da034e140ba2cccbc17},
  isbn = {978-3-031-01551-9},
  keywords = {dblp},
  publisher = {Morgan and Claypool Publishers},
  series = {Synthesis Lectures on Artificial Intelligence and Machine Learning},
  timestamp = {2024-04-09T07:45:18.000+0200},
  title = {Algorithms for Reinforcement Learning},
  year = 2010
}

@inproceedings{Yanes2021,
author = {Yanes Luis, Samuel and Gutiérrez, Daniel and Toral, Sergio},
year = {2021},
month = {04},
pages = {},
title = {A Sample-Efficiency Comparison Between Evolutionary Algorithms and Deep Reinforcement Learning for Path Planning in an Environmental Patrolling Mission}
}


@book{1975Holland,
  author = {Holland and John H.},
  publisher = {U Michigan Press},
  title = {Adaptation in natural and artificial systems: An introductory analysis with applications to biology, control, and artificial intelligence},
  year = 1975
}

@article{Galvan_2021,
   title={Neuroevolution in Deep Neural Networks: Current Trends and Future Challenges},
   volume={2},
   ISSN={2691-4581},
   url={http://dx.doi.org/10.1109/TAI.2021.3067574},
   DOI={10.1109/tai.2021.3067574},
   number={6},
   journal={IEEE Transactions on Artificial Intelligence},
   publisher={Institute of Electrical and Electronics Engineers (IEEE)},
   author={Galvan, Edgar and Mooney, Peter},
   year={2021},
   month=dec, pages={476–493} }


@article{merkel2014docker,
  title={Docker: lightweight linux containers for consistent development and deployment},
  author={Merkel, Dirk},
  journal={Linux journal},
  volume={2014},
  number={239},
  pages={2},
  year={2014}
}

@Inbook{Bisong2019,
author="Bisong, Ekaba",
title="Google Colaboratory",
bookTitle="Building Machine Learning and Deep Learning Models on Google Cloud Platform: A Comprehensive Guide for Beginners",
year="2019",
publisher="Apress",
address="Berkeley, CA",
pages="59--64",
isbn="978-1-4842-4470-8",
doi="10.1007/978-1-4842-4470-8_7",
url="https://doi.org/10.1007/978-1-4842-4470-8_7"
}


@misc{VSCode,
  author = {Microsoft},
    year = {2015},
  title = {Visual Studio Code},
  howpublished = {\url{https://code.visualstudio.com/}},
  note = "[Online; accessed 2024-09-26]"
}

@misc{GitHub,
  author = {GitHub},
    year = {2008},
  title = {GitHub},
  howpublished = {\url{https://github.com/}},
  note = "[Online; accessed 2023-08-11]"
}

@misc{luxai_s2-pip,
  author = {Stone Tao and Isabelle Pan and Bovard Doerschuk-Tiberi and Addison Howard},
  title = {LuxAI S2, pypi Package Version 2.2.0},
  year = {2023},
  howpublished = {\url{https://pypi.org/project/luxai-s2/2.2.0/}},
  note = "[Online; accessed 2023-08-15]"
}

@misc{luxai_s2-source,
  author = {Stone Tao and Isabelle Pan and Bovard Doerschuk-Tiberi and Addison Howard},
  title = {LuxAI S2, Release Version 2.2.0},
  year = {2023},
  howpublished = {\url{https://github.com/Lux-AI-Challenge/Lux-Design-S2/releases/tag/v2.2.0-fix2}},
  note = "[Online; accessed 2023-08-15]"
}


@misc{luxai_s2-baseline-source,
  author = {Kai Yang, Stone Tao},
  title = {LuxAI-s2-Baseline},
  year = {2023},
  howpublished = {\url{https://github.com/RoboEden/Luxai-s2-Baseline/tree/main}},
  note = "[Online; accessed 2023-11-15]"
}

@misc{github-copilot,
  author = {GitHub},
  title = {GitHub Copilot},
  year = {2021},
  howpublished = {\url{https://github.com/features/copilot}},
  note = "[Online; accessed 2023-07-28]"
}


@misc{chatgpt,
  author = {OpenAI},
  title = {ChatGPT},
  year = {2023},
  howpublished = {\url{https://openai.com/blog/chatgpt}},
  note = "[Online; accessed 2023-10-11]"
}


@misc{Grammarly,
  author = {Grammarly, Inc.},
  title = {Grammarly},
  year = {2009},
  howpublished = {\url{https://app.grammarly.com}},
  note = "[Online; accessed 2023-09-12]"
}






@misc{Python380,
  author = {{Python Software Foundation}},
  title = {Python 3.8.0},
  year = {2019},
  howpublished = {\url{https://www.python.org/downloads/release/python-380/}},
  note = "[Online; accessed 2023-07-05]"
}


@misc{1606.01540,
  Author = {Greg Brockman and Vicki Cheung and Ludwig Pettersson and Jonas Schneider and John Schulman and Jie Tang and Wojciech Zaremba},
  Title = {OpenAI Gym},
  Year = {2016},
  Eprint = {arXiv:1606.01540},
}

@article{terry2021pettingzoo,
  title={Pettingzoo: Gym for multi-agent reinforcement learning},
  author={Terry, J and Black, Benjamin and Grammel, Nathaniel and Jayakumar, Mario and Hari, Ananth and Sullivan, Ryan and Santos, Luis S and Dieffendahl, Clemens and Horsch, Caroline and Perez-Vicente, Rodrigo and others},
  journal={Advances in Neural Information Processing Systems},
  volume={34},
  pages={15032--15043},
  year={2021}
}

@article{stable-baselines3,
  author  = {Antonin Raffin and Ashley Hill and Adam Gleave and Anssi Kanervisto and Maximilian Ernestus and Noah Dormann},
  title   = {Stable-Baselines3: Reliable Reinforcement Learning Implementations},
  journal = {Journal of Machine Learning Research},
  year    = {2021},
  volume  = {22},
  number  = {268},
  pages   = {1-8},
  url     = {http://jmlr.org/papers/v22/20-1364.html}
}

@misc{moritz2018ray,
      title={Ray: A Distributed Framework for Emerging AI Applications}, 
      author={Philipp Moritz and Robert Nishihara and Stephanie Wang and Alexey Tumanov and Richard Liaw and Eric Liang and Melih Elibol and Zongheng Yang and William Paul and Michael I. Jordan and Ion Stoica},
      year={2018},
      eprint={1712.05889},
      archivePrefix={arXiv},
      primaryClass={cs.DC}
}

@misc{abadi2016tensorflow,
      title={TensorFlow: A system for large-scale machine learning}, 
      author={Martín Abadi and Paul Barham and Jianmin Chen and Zhifeng Chen and Andy Davis and Jeffrey Dean and Matthieu Devin and Sanjay Ghemawat and Geoffrey Irving and Michael Isard and Manjunath Kudlur and Josh Levenberg and Rajat Monga and Sherry Moore and Derek G. Murray and Benoit Steiner and Paul Tucker and Vijay Vasudevan and Pete Warden and Martin Wicke and Yuan Yu and Xiaoqiang Zheng},
      year={2016},
      eprint={1605.08695},
      archivePrefix={arXiv},
      primaryClass={cs.DC}
}

@misc{andrychowicz2020matters,
      title={What Matters In On-Policy Reinforcement Learning? A Large-Scale Empirical Study}, 
      author={Marcin Andrychowicz and Anton Raichuk and Piotr Stańczyk and Manu Orsini and Sertan Girgin and Raphael Marinier and Léonard Hussenot and Matthieu Geist and Olivier Pietquin and Marcin Michalski and Sylvain Gelly and Olivier Bachem},
      year={2020},
      eprint={2006.05990},
      archivePrefix={arXiv},
      primaryClass={cs.LG}
}

@misc{vanhasselt2015deep,
      title={Deep Reinforcement Learning with Double Q-learning}, 
      author={Hado van Hasselt and Arthur Guez and David Silver},
      year={2015},
      eprint={1509.06461},
      archivePrefix={arXiv},
      primaryClass={cs.LG}
}

@inproceedings{shengyi2022the37implementation,
  author = {Huang, Shengyi and Dossa, Rousslan Fernand Julien and Raffin, Antonin and Kanervisto, Anssi and Wang, Weixun},
  title = {The 37 Implementation Details of Proximal Policy Optimization},
  booktitle = {ICLR Blog Track},
  year = {2022},
  note = {https://iclr-blog-track.github.io/2022/03/25/ppo-implementation-details/},
  url  = {https://iclr-blog-track.github.io/2022/03/25/ppo-implementation-details/}
}

@article{huang2022cleanrl,
  author  = {Shengyi Huang and Rousslan Fernand Julien Dossa and Chang Ye and Jeff Braga and Dipam Chakraborty and Kinal Mehta and João G.M. Araújo},
  title   = {CleanRL: High-quality Single-file Implementations of Deep Reinforcement Learning Algorithms},
  journal = {Journal of Machine Learning Research},
  year    = {2022},
  volume  = {23},
  number  = {274},
  pages   = {1--18},
  url     = {http://jmlr.org/papers/v23/21-1342.html}
}

@inproceedings{dohare2023overcoming,
title={Overcoming Policy Collapse in Deep Reinforcement Learning},
author={Shibhansh Dohare and Qingfeng Lan and A. Rupam Mahmood},
booktitle={Sixteenth European Workshop on Reinforcement Learning},
year={2023},
url={https://openreview.net/forum?id=m9Jfdz4ymO}
}


@misc{KnowlesLagrangianDuality,
  author = {David Knowles},
  title = {Lagrangian Duality},
  year = {2010},
  howpublished = {\url{https://www-cs.stanford.edu/people/davidknowles/lagrangian_duality.pdf}},
  note = "[Online; accessed 2024-02-14]"
}

@misc{conjugate,
   author = "Wikipedia",
   title = "{Conjugate gradient method} --- {W}ikipedia{,} The Free Encyclopedia",
   year = "2024",
   howpublished = {\url{http://en.wikipedia.org/w/index.php?title=Conjugate\%20gradient\%20method&oldid=1218500371}},
   note = "[Online; accessed 13-April-2024]"
 }

@misc{schulman2017trust,
      title={Trust Region Policy Optimization}, 
      author={John Schulman and Sergey Levine and Philipp Moritz and Michael I. Jordan and Pieter Abbeel},
      year={2015},
      eprint={1502.05477},
      archivePrefix={arXiv},
      primaryClass={cs.LG}
}

@misc{mnih2016asynchronous,
      title={Asynchronous Methods for Deep Reinforcement Learning}, 
      author={Volodymyr Mnih and Adrià Puigdomènech Badia and Mehdi Mirza and Alex Graves and Timothy P. Lillicrap and Tim Harley and David Silver and Koray Kavukcuoglu},
      year={2016},
      eprint={1602.01783},
      archivePrefix={arXiv},
      primaryClass={cs.LG}
}

@misc{wu2017scalable,
      title={Scalable trust-region method for deep reinforcement learning using Kronecker-factored approximation}, 
      author={Yuhuai Wu and Elman Mansimov and Shun Liao and Roger Grosse and Jimmy Ba},
      year={2017},
      eprint={1708.05144},
      archivePrefix={arXiv},
      primaryClass={cs.LG}
}

@article{penge,
author = {Williams, Ronald and Peng, Jing},
year = {1991},
month = {09},
pages = {241-},
title = {Function Optimization Using Connectionist Reinforcement Learning Algorithms},
volume = {3},
journal = {Connection Science},
doi = {10.1080/09540099108946587}
}

@misc{huang2022a2c,
      title={A2C is a special case of PPO}, 
      author={Shengyi Huang and Anssi Kanervisto and Antonin Raffin and Weixun Wang and Santiago Ontañón and Rousslan Fernand Julien Dossa},
      year={2022},
      eprint={2205.09123},
      archivePrefix={arXiv},
      primaryClass={cs.LG}
}

@misc{schulman2017proximal,
      title={Proximal Policy Optimization Algorithms}, 
      author={John Schulman and Filip Wolski and Prafulla Dhariwal and Alec Radford and Oleg Klimov},
      year={2017},
      eprint={1707.06347},
      archivePrefix={arXiv},
      primaryClass={cs.LG}
}


@misc{stable-baselines-issue213,
  author = {M. Ernestus and Antonin Raffin and Ashlan Chui and Steven Morad},
  title = {Issue 213: PPO implementation does not take care of too large KL Divergence},
  year = {2019},
  publisher = {GitHub},
  journal = {GitHub repository},
  howpublished = {\url{https://github.com/hill-a/stable-baselines/issues/213}},
  note = "[Online; accessed 2023-11-03]"
}

@misc{stable-baselines-issue181,
  author = {Adam Gleave and Antonin Raffin and Brokenloop},
  title = {Issue 181: How best to implement self-play/multiple agents in the same environment?},
  year = {2019},
  publisher = {GitHub},
  journal = {GitHub repository},
  howpublished = {\url{https://github.com/hill-a/stable-baselines/issues/181}},
  note = "[Online; accessed 2023-11-06]"
}



@inproceedings{
Engstrom2020Implementation,
title={Implementation Matters in Deep RL: A Case Study on PPO and TRPO},
author={Logan Engstrom and Andrew Ilyas and Shibani Santurkar and Dimitris Tsipras and Firdaus Janoos and Larry Rudolph and Aleksander Madry},
booktitle={International Conference on Learning Representations},
year={2020},
url={https://openreview.net/forum?id=r1etN1rtPB}
}

@inproceedings{
andrychowicz2021what,
title={What Matters for On-Policy Deep Actor-Critic Methods? A Large-Scale Study},
author={Marcin Andrychowicz and Anton Raichuk and Piotr Sta{\'n}czyk and Manu Orsini and Sertan Girgin and Rapha{\"e}l Marinier and Leonard Hussenot and Matthieu Geist and Olivier Pietquin and Marcin Michalski and Sylvain Gelly and Olivier Bachem},
booktitle={International Conference on Learning Representations},
year={2021},
url={https://openreview.net/forum?id=nIAxjsniDzg}
}

@inproceedings{
kapturowski2018recurrent,
title={Recurrent Experience Replay in Distributed Reinforcement Learning},
author={Steven Kapturowski and Georg Ostrovski and Will Dabney and John Quan and Remi Munos},
booktitle={International Conference on Learning Representations},
year={2019},
url={https://openreview.net/forum?id=r1lyTjAqYX},
}

@techreport{GuptaRecurrentPPO,
  author = {Kshitij Gupta},
  title = {What matters in recurrent ppo for long episodic and continuing partially observable tasks},
  year = {2021},
  url = {https://kshitijkg.github.io/data/RecurrentPPO_Report.pdf},
  institution = {Mila Quebec AI Institute},
  note = "[Online; accessed 2024-04-11]"
}

@misc{pleines2022generalization,
      title={Generalization, Mayhems and Limits in Recurrent Proximal Policy Optimization}, 
      author={Marco Pleines and Matthias Pallasch and Frank Zimmer and Mike Preuss},
      year={2022},
      eprint={2205.11104},
      archivePrefix={arXiv},
      primaryClass={cs.LG}
}

@misc{tallec2017unbiasing,
      title={Unbiasing Truncated Backpropagation Through Time}, 
      author={Corentin Tallec and Yann Ollivier},
      year={2017},
      eprint={1705.08209},
      archivePrefix={arXiv},
      primaryClass={cs.NE}
}

@article{Huang_2022,
   title={A Closer Look at Invalid Action Masking in Policy Gradient Algorithms},
   volume={35},
   ISSN={2334-0762},
   url={http://dx.doi.org/10.32473/flairs.v35i.130584},
   DOI={10.32473/flairs.v35i.130584},
   journal={The International FLAIRS Conference Proceedings},
   publisher={University of Florida George A Smathers Libraries},
   author={Huang, Shengyi and Ontañón, Santiago},
   year={2022},
   month=may }



@Article{app13148283,
AUTHOR = {Hou, Yueqi and Liang, Xiaolong and Zhang, Jiaqiang and Yang, Qisong and Yang, Aiwu and Wang, Ning},
TITLE = {Exploring the Use of Invalid Action Masking in Reinforcement Learning: A Comparative Study of On-Policy and Off-Policy Algorithms in Real-Time Strategy Games},
JOURNAL = {Applied Sciences},
VOLUME = {13},
YEAR = {2023},
NUMBER = {14},
ARTICLE-NUMBER = {8283},
URL = {https://www.mdpi.com/2076-3417/13/14/8283},
ISSN = {2076-3417},
DOI = {10.3390/app13148283}
}

@misc{dietterich1999hierarchical,
      title={Hierarchical Reinforcement Learning with the MAXQ Value Function Decomposition}, 
      author={Thomas G. Dietterich},
      year={1999},
      eprint={cs/9905014},
      archivePrefix={arXiv},
      primaryClass={cs.LG}
}


@misc{vinyals2017starcraft,
      title={StarCraft II: A New Challenge for Reinforcement Learning}, 
      author={Oriol Vinyals and Timo Ewalds and Sergey Bartunov and Petko Georgiev and Alexander Sasha Vezhnevets and Michelle Yeo and Alireza Makhzani and Heinrich Küttler and John Agapiou and Julian Schrittwieser and John Quan and Stephen Gaffney and Stig Petersen and Karen Simonyan and Tom Schaul and Hado van Hasselt and David Silver and Timothy Lillicrap and Kevin Calderone and Paul Keet and Anthony Brunasso and David Lawrence and Anders Ekermo and Jacob Repp and Rodney Tsing},
      year={2017},
      eprint={1708.04782},
      archivePrefix={arXiv},
      primaryClass={cs.LG}
}


@inproceedings{malmo,
author = {Johnson, Matthew and Hofmann, Katja and Hutton, Tim and Bignell, David},
title = {The Malmo platform for artificial intelligence experimentation},
year = {2016},
isbn = {9781577357704},
publisher = {AAAI Press},
booktitle = {Proceedings of the Twenty-Fifth International Joint Conference on Artificial Intelligence},
pages = {4246–4247},
numpages = {2},
location = {New York, New York, USA},
series = {IJCAI'16}
}


@misc{baselines,
  author = {Dhariwal, Prafulla and Hesse, Christopher and Klimov, Oleg and Nichol, Alex and Plappert, Matthias and Radford, Alec and Schulman, John and Sidor, Szymon and Wu, Yuhuai and Zhokhov, Peter},
  title = {OpenAI Baselines},
  year = {2017},
  publisher = {GitHub},
  journal = {GitHub repository},
  howpublished = {\url{https://github.com/openai/baselines}},
}


@misc{fedus2020revisiting,
      title={Revisiting Fundamentals of Experience Replay}, 
      author={William Fedus and Prajit Ramachandran and Rishabh Agarwal and Yoshua Bengio and Hugo Larochelle and Mark Rowland and Will Dabney},
      year={2020},
      eprint={2007.06700},
      archivePrefix={arXiv},
      primaryClass={cs.LG}
}


@misc{wiki:Huber_loss,
   author = "Wikipedia",
   title = "{Huber loss} --- {W}ikipedia{,} The Free Encyclopedia",
   year = "2024",
   howpublished = {\url{https://en.wikipedia.org/wiki/Huber_loss}},
   note = "[Online; accessed 15-April-2024]"
 }

@misc{dabney2017distributional,
      title={Distributional Reinforcement Learning with Quantile Regression}, 
      author={Will Dabney and Mark Rowland and Marc G. Bellemare and Rémi Munos},
      year={2017},
      eprint={1710.10044},
      archivePrefix={arXiv},
      primaryClass={cs.AI}
}

@misc{bellemare2017distributional,
      title={A Distributional Perspective on Reinforcement Learning}, 
      author={Marc G. Bellemare and Will Dabney and Rémi Munos},
      year={2017},
      eprint={1707.06887},
      archivePrefix={arXiv},
      primaryClass={cs.LG}
}

@misc{yang2020fully,
      title={Fully Parameterized Quantile Function for Distributional Reinforcement Learning}, 
      author={Derek Yang and Li Zhao and Zichuan Lin and Tao Qin and Jiang Bian and Tieyan Liu},
      year={2020},
      eprint={1911.02140},
      archivePrefix={arXiv},
      primaryClass={cs.LG}
}

@misc{mania2018simple,
      title={Simple random search provides a competitive approach to reinforcement learning}, 
      author={Horia Mania and Aurelia Guy and Benjamin Recht},
      year={2018},
      eprint={1803.07055},
      archivePrefix={arXiv},
      primaryClass={cs.LG}
}

@misc{henderson2019deep,
      title={Deep Reinforcement Learning that Matters}, 
      author={Peter Henderson and Riashat Islam and Philip Bachman and Joelle Pineau and Doina Precup and David Meger},
      year={2019},
      eprint={1709.06560},
      archivePrefix={arXiv},
      primaryClass={cs.LG}
}

@article{LI202016932,
title = {Verification and Design of Zero-Sum Potential Games},
journal = {IFAC-PapersOnLine},
volume = {53},
number = {2},
pages = {16932-16937},
year = {2020},
note = {21st IFAC World Congress},
issn = {2405-8963},
doi = {https://doi.org/10.1016/j.ifacol.2020.12.1236},
url = {https://www.sciencedirect.com/science/article/pii/S2405896320316360},
author = {Changxi Li and Fenghua He and Ning Hao},
keywords = {Zero-sum game, potential game, networked evolutionary game, semi-tensor product of matrices, linear equation, verifications, design},
}

@article{SCHULMAN2019336,
title = {The duality gap for two-team zero-sum games},
journal = {Games and Economic Behavior},
volume = {115},
pages = {336-345},
year = {2019},
issn = {0899-8256},
doi = {https://doi.org/10.1016/j.geb.2019.03.011},
url = {https://www.sciencedirect.com/science/article/pii/S0899825619300466},
author = {Leonard J. Schulman and Umesh V. Vazirani},
keywords = {Teams, Duality gap, Weak selection model},
}

@inproceedings{AlexNet,
author = {Krizhevsky, Alex and Sutskever, Ilya and Hinton, Geoffrey E.},
title = {ImageNet classification with deep convolutional neural networks},
year = {2012},
publisher = {Curran Associates Inc.},
address = {Red Hook, NY, USA},
booktitle = {Proceedings of the 25th International Conference on Neural Information Processing Systems - Volume 1},
pages = {1097–1105},
numpages = {9},
location = {Lake Tahoe, Nevada},
series = {NIPS'12}
}

@misc{simonyan2015deep,
      title={Very Deep Convolutional Networks for Large-Scale Image Recognition}, 
      author={Karen Simonyan and Andrew Zisserman},
      year={2015},
      eprint={1409.1556},
      archivePrefix={arXiv},
      primaryClass={cs.CV}
}

@misc{szegedy2014going,
    title={Going Deeper with Convolutions},
    author={Christian Szegedy and Wei Liu and Yangqing Jia and Pierre Sermanet and Scott Reed and Dragomir Anguelov and Dumitru Erhan and Vincent Vanhoucke and Andrew Rabinovich},
    year={2014},
    eprint={1409.4842},
    archivePrefix={arXiv},
    primaryClass={cs.CV}
}

@misc{he2015deep,
    title={Deep Residual Learning for Image Recognition},
    author={Kaiming He and Xiangyu Zhang and Shaoqing Ren and Jian Sun},
    year={2015},
    eprint={1512.03385},
    archivePrefix={arXiv},
    primaryClass={cs.CV}
}

@misc{hu2017squeezeandexcitation,
    title={Squeeze-and-Excitation Networks},
    author={Jie Hu and Li Shen and Samuel Albanie and Gang Sun and Enhua Wu},
    year={2017},
    eprint={1709.01507},
    archivePrefix={arXiv},
    primaryClass={cs.CV}
}

@article{FeatureSelection,
author = {Yahya, Anwar},
year = {2011},
month = {05},
pages = {800-820},
title = {Feature Selection for High Dimensional Data: An Evolutionary Filter Approach},
volume = {7},
journal = {Journal of Computer Science},
doi = {10.3844/jcssp.2011.800.820}
}

@misc{lehmann2024definitive,
    title={The Definitive Guide to Policy Gradients in Deep Reinforcement Learning: Theory, Algorithms and Implementations},
    author={Matthias Lehmann},
    year={2024},
    eprint={2401.13662},
    archivePrefix={arXiv},
    primaryClass={cs.LG}
}

@misc{valuemethods,   
author = {Tim Miller},   
title = {Introduction To Reinforcement Learning},   
year = {2023},   
howpublished = {\url{https://gibberblot.github.io/rl-notes/index.html}},   
note = "[Online; accessed 2024-02-22]" 
}

@misc{ioffe2015batch,
    title={Batch Normalization: Accelerating Deep Network Training by Reducing Internal Covariate Shift},
    author={Sergey Ioffe and Christian Szegedy},
    year={2015},
    eprint={1502.03167},
    archivePrefix={arXiv},
    primaryClass={cs.LG}
}


@article{TIAN2022146,
title = {A comprehensive survey on regularization strategies in machine learning},
journal = {Information Fusion},
volume = {80},
pages = {146-166},
year = {2022},
issn = {1566-2535},
doi = {https://doi.org/10.1016/j.inffus.2021.11.005},
url = {https://www.sciencedirect.com/science/article/pii/S156625352100230X},
author = {Yingjie Tian and Yuqi Zhang},
keywords = {Overfitting, Generalization, Regularization, Machine learning},
}

@INPROCEEDINGS{7376778,
  author={Rakitianskaia, Anna and Engelbrecht, Andries},
  booktitle={2015 IEEE Symposium Series on Computational Intelligence}, 
  title={Measuring Saturation in Neural Networks}, 
  year={2015},
  volume={},
  number={},
  pages={1423-1430},
  keywords={Artificial neural networks;Training;Optimization;Biological neural networks;Benchmark testing;Histograms;Computer science},
  doi={10.1109/SSCI.2015.202}}


@misc{miyato2018spectral,
      title={Spectral Normalization for Generative Adversarial Networks}, 
      author={Takeru Miyato and Toshiki Kataoka and Masanori Koyama and Yuichi Yoshida},
      year={2018},
      eprint={1802.05957},
      archivePrefix={arXiv},
      primaryClass={cs.LG}
}
@misc{yoshida2017spectral,
      title={Spectral Norm Regularization for Improving the Generalizability of Deep Learning}, 
      author={Yuichi Yoshida and Takeru Miyato},
      year={2017},
      eprint={1705.10941},
      archivePrefix={arXiv},
      primaryClass={stat.ML}
}

@inproceedings{pytorch2,
  cff-version = {1.2.0},
  title = {PyTorch 2: Faster Machine Learning Through Dynamic Python Bytecode Transformation and Graph Compilation},
  author = {Ansel, Jason and Yang, Edward and He, Horace and Gimelshein, Natalia and Jain, Animesh and Voznesensky, Michael and Bao, Bin and Bell, Peter and Berard, David and Burovski, Evgeni and Chauhan, Geeta and Chourdia, Anjali and Constable, Will and Desmaison, Alban and DeVito, Zachary and Ellison, Elias and Feng, Will and Gong, Jiong and Gschwind, Michael and Hirsh, Brian and Huang, Sherlock and Kalambarkar, Kshiteej and Kirsch, Laurent and Lazos, Michael and Lezcano, Mario and Liang, Yanbo and Liang, Jason and Lu, Yinghai and Luk, CK and Maher, Bert and Pan, Yunjie and Puhrsch, Christian and Reso, Matthias and Saroufim, Mark and Siraichi, Marcos Yukio and Suk, Helen and Suo, Michael and Tillet, Phil and Wang, Eikan and Wang, Xiaodong and Wen, William and Zhang, Shunting and Zhao, Xu and Zhou, Keren and Zou, Richard and Mathews, Ajit and Chanan, Gregory and Wu, Peng and Chintala, Soumith},
  url = {https://pytorch.org/assets/pytorch2-2.pdf},
  month = {4},
  year = {2024},
  publisher = {ACM},
  collection-title = {29th ACM International Conference on Architectural Support for Programming Languages and Operating Systems, Volume 2 (ASPLOS '24)},
  collection-type = {proceedings},
  doi = {10.1145/3620665.3640366}
}

@misc{gogianu2021spectral,
      title={Spectral Normalisation for Deep Reinforcement Learning: an Optimisation Perspective}, 
      author={Florin Gogianu and Tudor Berariu and Mihaela Rosca and Claudia Clopath and Lucian Busoniu and Razvan Pascanu},
      year={2021},
      eprint={2105.05246},
      archivePrefix={arXiv},
      primaryClass={cs.LG}
}

@misc{wiki:Wasserstein_metric,
   author = "Wikipedia",
   title = "{Wasserstein metric} --- {W}ikipedia{,} The Free Encyclopedia",
   year = "2024",
   howpublished = {\url{http://en.wikipedia.org/w/index.php?title=Wasserstein\%20metric&oldid=1218030467}},
   note = "[Online; accessed 25-April-2024]"
 }

@misc{wiki:Lipschitz_continuity,
   author = "Wikipedia",
   title = "{Lipschitz continuity} --- {W}ikipedia{,} The Free Encyclopedia",
   year = "2024",
   howpublished = {\url{http://en.wikipedia.org/w/index.php?title=Lipschitz\%20continuity&oldid=1220390774}},
   note = "[Online; accessed 25-April-2024]"
 }

@misc{hu2020provable,
      title={Provable Benefit of Orthogonal Initialization in Optimizing Deep Linear Networks}, 
      author={Wei Hu and Lechao Xiao and Jeffrey Pennington},
      year={2020},
      eprint={2001.05992},
      archivePrefix={arXiv},
      primaryClass={cs.LG}
}


@misc{kumar2017weight,
      title={On weight initialization in deep neural networks}, 
      author={Siddharth Krishna Kumar},
      year={2017},
      eprint={1704.08863},
      archivePrefix={arXiv},
      primaryClass={cs.LG}
}

@misc{he2015delving,
      title={Delving Deep into Rectifiers: Surpassing Human-Level Performance on ImageNet Classification}, 
      author={Kaiming He and Xiangyu Zhang and Shaoqing Ren and Jian Sun},
      year={2015},
      eprint={1502.01852},
      archivePrefix={arXiv},
      primaryClass={cs.CV}
}

@misc{wiki:Orthogonal_matrix,
   author = "Wikipedia",
   title = "{Orthogonal matrix} --- {W}ikipedia{,} The Free Encyclopedia",
   year = "2024",
   howpublished = {\url{http://en.wikipedia.org/w/index.php?title=Orthogonal\%20matrix&oldid=1202509034}},
   note = "[Online; accessed 25-April-2024]"
 }

@misc{liu2024jointppo,
    title={JointPPO: Diving Deeper into the Effectiveness of PPO in Multi-Agent Reinforcement Learning},
    author={Chenxing Liu and Guizhong Liu},
    year={2024},
    eprint={2404.11831},
    archivePrefix={arXiv},
    primaryClass={cs.MA}
}

@misc{glanois2022survey,
      title={A Survey on Interpretable Reinforcement Learning}, 
      author={Claire Glanois and Paul Weng and Matthieu Zimmer and Dong Li and Tianpei Yang and Jianye Hao and Wulong Liu},
      year={2022},
      eprint={2112.13112},
      archivePrefix={arXiv},
      primaryClass={cs.LG}
}

@misc{heuillet2020explainability,
      title={Explainability in Deep Reinforcement Learning}, 
      author={Alexandre Heuillet and Fabien Couthouis and Natalia Díaz-Rodríguez},
      year={2020},
      eprint={2008.06693},
      archivePrefix={arXiv},
      primaryClass={cs.AI}
}

@ARTICLE{9194697,
  author={Alharin, Alnour and Doan, Thanh-Nam and Sartipi, Mina},
  journal={IEEE Access}, 
  title={Reinforcement Learning Interpretation Methods: A Survey}, 
  year={2020},
  volume={8},
  number={},
  pages={171058-171077},
  keywords={Mathematical model;Measurement;Learning (artificial intelligence);Machine learning;Markov processes;Medical services;Law;Reinforcement learning;machine learning;interpretability;interpretation;survey},
  doi={10.1109/ACCESS.2020.3023394}}


@misc{puiutta2020explainable,
      title={Explainable Reinforcement Learning: A Survey}, 
      author={Erika Puiutta and Eric MSP Veith},
      year={2020},
      eprint={2005.06247},
      archivePrefix={arXiv},
      primaryClass={cs.LG}
}

@misc{zahavy2017graying,
      title={Graying the black box: Understanding DQNs}, 
      author={Tom Zahavy and Nir Ben Zrihem and Shie Mannor},
      year={2017},
      eprint={1602.02658},
      archivePrefix={arXiv},
      primaryClass={cs.LG}
}

@misc{zhang2018study,
      title={A Study on Overfitting in Deep Reinforcement Learning}, 
      author={Chiyuan Zhang and Oriol Vinyals and Remi Munos and Samy Bengio},
      year={2018},
      eprint={1804.06893},
      archivePrefix={arXiv},
      primaryClass={cs.LG}
}

@misc{jang2021entropyaware,
    title={Entropy-Aware Model Initialization for Effective Exploration in Deep Reinforcement Learning},
    author={Sooyoung Jang and Hyung-Il Kim},
    year={2021},
    eprint={2108.10533},
    archivePrefix={arXiv},
    primaryClass={cs.LG}
}

@misc{huang2023robust,
      title={Robust Knowledge Transfer in Tiered Reinforcement Learning}, 
      author={Jiawei Huang and Niao He},
      year={2023},
      eprint={2302.05534},
      archivePrefix={arXiv},
      primaryClass={cs.LG}
}


@Article{electronics9091363,
AUTHOR = {Vithayathil Varghese, Nelson and Mahmoud, Qusay H.},
TITLE = {A Survey of Multi-Task Deep Reinforcement Learning},
JOURNAL = {Electronics},
VOLUME = {9},
YEAR = {2020},
NUMBER = {9},
ARTICLE-NUMBER = {1363},
URL = {https://www.mdpi.com/2079-9292/9/9/1363},
ISSN = {2079-9292},
DOI = {10.3390/electronics9091363}
}



@Inbook{Lazaric2012,
author="Lazaric, Alessandro",
editor="Wiering, Marco
and van Otterlo, Martijn",
title="Transfer in Reinforcement Learning: A Framework and a Survey",
bookTitle="Reinforcement Learning: State-of-the-Art",
year="2012",
publisher="Springer Berlin Heidelberg",
address="Berlin, Heidelberg",
pages="143--173",
isbn="978-3-642-27645-3",
doi="10.1007/978-3-642-27645-3_5",
url="https://doi.org/10.1007/978-3-642-27645-3_5"
}

@article{TFLearning,
author = {Taylor, Matthew E. and Stone, Peter},
title = {Transfer Learning for Reinforcement Learning Domains: A Survey},
year = {2009},
issue_date = {12/1/2009},
publisher = {JMLR.org},
volume = {10},
issn = {1532-4435},
month = dec,
pages = {1633–1685},
numpages = {53}
}

@ARTICLE{10172347,
  author={Zhu, Zhuangdi and Lin, Kaixiang and Jain, Anil K. and Zhou, Jiayu},
  journal={IEEE Transactions on Pattern Analysis and Machine Intelligence}, 
  title={Transfer Learning in Deep Reinforcement Learning: A Survey}, 
  year={2023},
  volume={45},
  number={11},
  pages={13344-13362},
  keywords={Deep learning;Task analysis;Reinforcement learning;Surveys;Transfer learning;Neural networks;Markov processes;Transfer learning;reinforcement learning;deep learning;survey},
  doi={10.1109/TPAMI.2023.3292075}}

@misc{deramo2024sharing,
      title={Sharing Knowledge in Multi-Task Deep Reinforcement Learning}, 
      author={Carlo D'Eramo and Davide Tateo and Andrea Bonarini and Marcello Restelli and Jan Peters},
      year={2024},
      eprint={2401.09561},
      archivePrefix={arXiv},
      primaryClass={cs.LG}
}

@misc{brunskill2013sample,
      title={Sample Complexity of Multi-task Reinforcement Learning}, 
      author={Emma Brunskill and Lihong Li},
      year={2013},
      eprint={1309.6821},
      archivePrefix={arXiv},
      primaryClass={cs.LG}
}

 @misc{gaussianfilter,
    author = "{Wikipedia}",
    title = "Gaussian filter --- {Wikipedia}{,} The Free Encyclopedia",
    year = "2024",
    url = "https://en.wikipedia.org/w/index.php?title=Gaussian_filter&oldid=1221267487",
    note = "[Online; accessed 29-April-2024]"
}

@MISC {Normalization,
    TITLE = {Neural Networks input data normalization and centering},
    AUTHOR = {Sycorax},
    HOWPUBLISHED = {Cross Validated},
    NOTE = {URL:https://stats.stackexchange.com/q/422087 (version: 2023-02-01)},
    YEAR = "2023",
    EPRINT = {https://stats.stackexchange.com/q/422087},
    URL = {https://stats.stackexchange.com/q/422087}
}

@Inbook{Zitzler2012,
author="Zitzler, Eckart",
editor="Rozenberg, Grzegorz
and B{\"a}ck, Thomas
and Kok, Joost N.",
title="Evolutionary Multiobjective Optimization",
bookTitle="Handbook of Natural Computing",
year="2012",
publisher="Springer Berlin Heidelberg",
address="Berlin, Heidelberg",
pages="871--904",
abstract="This chapter provides an overview of the branch of evolutionary computation that is dedicated to solving optimization problems with multiple objective functions. On the one hand, it sketches the foundations of multiobjective optimization and discusses general approaches to deal with multiple optimization criteria. On the other hand, it summarizes algorithmic concepts that are employed when designing corresponding search methods and briefly comments on the issue of performance assessment. This chapter concludes with a summary of the main application areas of evolutionary multiobjective optimization, namely, learning/decision making and multiobjectivization.",
isbn="978-3-540-92910-9",
doi="10.1007/978-3-540-92910-9_28",
url="https://doi.org/10.1007/978-3-540-92910-9_28"
}

@misc{categorical,
    author = "{Wikipedia}",
    title = "Categorical distribution --- {Wikipedia}{,} The Free Encyclopedia",
    year = "2023",
    url = "https://en.wikipedia.org/w/index.php?title=Categorical_distribution&oldid=1168534479",
    note = "[Online; accessed 29-April-2024]"
}

@inbook{goodfellow-batchnorm,
    title={Deep Learning},
    author={Ian Goodfellow and Yoshua Bengio and Aaron Courville},
    publisher={MIT Press},
    year={2016},
    note={\url{http://www.deeplearningbook.org}},
    chapter={8},
    section={7},
    subsection={1}
}

@inproceedings{
mysore2022multicritic,
title={Multi-Critic Actor Learning: Teaching {RL} Policies to Act with Style},
author={Siddharth Mysore and George Cheng and Yunqi Zhao and Kate Saenko and Meng Wu},
booktitle={International Conference on Learning Representations},
year={2022},
url={https://openreview.net/forum?id=rJvY_5OzoI}
}

@article{SuperSuit,
  Title = {SuperSuit: Simple Microwrappers for Reinforcement Learning Environments},
  Author = {Terry, J. K and Black, Benjamin and Hari, Ananth},
  journal={arXiv preprint arXiv:2008.08932},
  year={2020}
}

@InProceedings{pmlr-v9-glorot10a,
  title = 	 {Understanding the difficulty of training deep feedforward neural networks},
  author = 	 {Glorot, Xavier and Bengio, Yoshua},
  booktitle = 	 {Proceedings of the Thirteenth International Conference on Artificial Intelligence and Statistics},
  pages = 	 {249--256},
  year = 	 {2010},
  editor = 	 {Teh, Yee Whye and Titterington, Mike},
  volume = 	 {9},
  series = 	 {Proceedings of Machine Learning Research},
  address = 	 {Chia Laguna Resort, Sardinia, Italy},
  month = 	 may,
  publisher =    {PMLR},
  pdf = 	 {http://proceedings.mlr.press/v9/glorot10a/glorot10a.pdf},
  url = 	 {https://proceedings.mlr.press/v9/glorot10a.html},
}

@article{DBLP:journals/corr/HeZR015,
  author       = {Kaiming He and
                  Xiangyu Zhang and
                  Shaoqing Ren and
                  Jian Sun},
  title        = {Delving Deep into Rectifiers: Surpassing Human-Level Performance on
                  ImageNet Classification},
  journal      = {CoRR},
  volume       = {abs/1502.01852},
  year         = {2015},
  url          = {http://arxiv.org/abs/1502.01852},
  eprinttype    = {arXiv},
  eprint       = {1502.01852},
  timestamp    = {Wed, 25 Jan 2023 11:01:16 +0100},
  biburl       = {https://dblp.org/rec/journals/corr/HeZR015.bib},
  bibsource    = {dblp computer science bibliography, https://dblp.org}
}

@misc{pytorchinit,
  title = {PyTorch Documentation},
  author = {{PyTorch Contributors}},
  howpublished = {\url{https://pytorch.org/docs/stable/\_modules/torch/nn/init.html\#orthogonal\_}},
  year = {2024},
}

@misc{karbasi2023replicability,
      title={Replicability in Reinforcement Learning}, 
      author={Amin Karbasi and Grigoris Velegkas and Lin F. Yang and Felix Zhou},
      year={2023},
      eprint={2305.19562},
      archivePrefix={arXiv},
      primaryClass={cs.LG}
}

@article{Baker2016,
  author = {Baker, Monya},
  title = {1,500 scientists lift the lid on reproducibility},
  journal = {Nature},
  volume = {533},
  pages = {452--454},
  year = {2016},
  doi = {10.1038/533452a},
  url = {https://doi.org/10.1038/533452a},
}

@misc{pwc_rc_2022,
  author = {{Papers with Code}},
  title = {Resource Catalog 2022},
  howpublished = {\url{https://paperswithcode.com/rc2022}},
  year = {2022}
}

@misc{stackoverflow_answer_27522708,
  author = {Martijn Pieters},
  title = {How do I iterate over a range of numbers defined by variables in Bash?},
  howpublished = {\url{https://stackoverflow.com/a/27522708}},
  year = {2014},
  note = {Online; accessed 2024-05-2}
}

@misc{pytorch_randomness,
  author = {{PyTorch Contributors}},
  title = {PyTorch Documentation: Notes on Randomness},
  year = "2023",
  howpublished = {\url{https://pytorch.org/docs/stable/notes/randomness.html}},
  note = {Online; accessed 2024-05-2}
}

@misc{oracle_goldberg,
  author = {{David Goldberg}},
  title = {What Every Computer Scientist Should Know About Floating-Point Arithmetic},
  howpublished = {\url{https://docs.oracle.com/cd/E19957-01/806-3568/ncg_goldberg.html}},
  year = {1991},
  note = {Online; accessed 2024-05-2}
}

@misc{eysenbach2023connection,
      title={A Connection between One-Step Regularization and Critic Regularization in Reinforcement Learning}, 
      author={Benjamin Eysenbach and Matthieu Geist and Sergey Levine and Ruslan Salakhutdinov},
      year={2023},
      eprint={2307.12968},
      archivePrefix={arXiv},
      primaryClass={cs.LG}
}

@misc{gai2024singletask,
      title={Single-Task Continual Offline Reinforcement Learning}, 
      author={Sibo Gai and Donglin Wang},
      year={2024},
      eprint={2404.12639},
      archivePrefix={arXiv},
      primaryClass={cs.LG}
}

@misc{ronneberger2015unet,
      title={U-Net: Convolutional Networks for Biomedical Image Segmentation}, 
      author={Olaf Ronneberger and Philipp Fischer and Thomas Brox},
      year={2015},
      eprint={1505.04597},
      archivePrefix={arXiv},
      primaryClass={cs.CV}
}

@misc{ehab2023performance,
      title={Performance Analysis of UNet and Variants for Medical Image Segmentation}, 
      author={Walid Ehab and Yongmin Li},
      year={2023},
      eprint={2309.13013},
      archivePrefix={arXiv},
      primaryClass={eess.IV}
}

@misc{wu2020skip,
      title={Skip Connections Matter: On the Transferability of Adversarial Examples Generated with ResNets}, 
      author={Dongxian Wu and Yisen Wang and Shu-Tao Xia and James Bailey and Xingjun Ma},
      year={2020},
      eprint={2002.05990},
      archivePrefix={arXiv},
      primaryClass={cs.LG}
}

@misc{xu2015empirical,
      title={Empirical Evaluation of Rectified Activations in Convolutional Network}, 
      author={Bing Xu and Naiyan Wang and Tianqi Chen and Mu Li},
      year={2015},
      eprint={1505.00853},
      archivePrefix={arXiv},
      primaryClass={cs.LG}
}

@misc{agarap2019deep,
      title={Deep Learning using Rectified Linear Units (ReLU)}, 
      author={Abien Fred Agarap},
      year={2019},
      eprint={1803.08375},
      archivePrefix={arXiv},
      primaryClass={cs.NE}
}

@article{Lu_2020,
   title={Dying ReLU and Initialization: Theory and Numerical Examples},
   volume={28},
   ISSN={1991-7120},
   url={http://dx.doi.org/10.4208/cicp.OA-2020-0165},
   DOI={10.4208/cicp.oa-2020-0165},
   number={5},
   journal={Communications in Computational Physics},
   publisher={Global Science Press},
   author={Lu, Lu},
   year={2020},
   month=jun, pages={1671–1706} }

@misc{datta2020survey,
      title={A Survey on Activation Functions and their relation with Xavier and He Normal Initialization}, 
      author={Leonid Datta},
      year={2020},
      eprint={2004.06632},
      archivePrefix={arXiv},
      primaryClass={cs.NE}
}

@misc{li2018detnet,
      title={DetNet: A Backbone network for Object Detection}, 
      author={Zeming Li and Chao Peng and Gang Yu and Xiangyu Zhang and Yangdong Deng and Jian Sun},
      year={2018},
      eprint={1804.06215},
      archivePrefix={arXiv},
      primaryClass={cs.CV}
}

@article{article_bot,
author = {Li, Peipei and Qiu, Zhao and Zhan, Yuefu and Chen, Huajing and Yuan, Sheng},
year = {2023},
month = {09},
pages = {},
title = {Multi-scale Bottleneck Residual Network for Retinal Vessel Segmentation},
volume = {47},
journal = {Journal of Medical Systems},
doi = {10.1007/s10916-023-01992-7}
}

@article{10.1145/3376922,
author = {Punn, Narinder Singh and Agarwal, Sonali},
title = {Inception U-Net Architecture for Semantic Segmentation to Identify Nuclei in Microscopy Cell Images},
year = {2020},
issue_date = {February 2020},
publisher = {Association for Computing Machinery},
address = {New York, NY, USA},
volume = {16},
number = {1},
issn = {1551-6857},
url = {https://doi.org/10.1145/3376922},
doi = {10.1145/3376922},
journal = {ACM Trans. Multimedia Comput. Commun. Appl.},
month = {2},
articleno = {12},
numpages = {15},
keywords = {Convolution neural networks, healthcare, medical image analysis, semantic segmentation}
}

@article{Gao_2021,
   title={Res2Net: A New Multi-Scale Backbone Architecture},
   volume={43},
   ISSN={1939-3539},
   url={http://dx.doi.org/10.1109/TPAMI.2019.2938758},
   DOI={10.1109/tpami.2019.2938758},
   number={2},
   journal={IEEE Transactions on Pattern Analysis and Machine Intelligence},
   publisher={Institute of Electrical and Electronics Engineers (IEEE)},
   author={Gao, Shang-Hua and Cheng, Ming-Ming and Zhao, Kai and Zhang, Xin-Yu and Yang, Ming-Hsuan and Torr, Philip},
   year={2021},
   month=feb, pages={652–662} }


@misc{zhu2024efficient,
      title={Efficient Multiscale Multimodal Bottleneck Transformer for Audio-Video Classification}, 
      author={Wentao Zhu},
      year={2024},
      eprint={2401.04023},
      archivePrefix={arXiv},
      primaryClass={cs.CV}
}


@misc{bhojanapalli2020lowrank,
      title={Low-Rank Bottleneck in Multi-head Attention Models}, 
      author={Srinadh Bhojanapalli and Chulhee Yun and Ankit Singh Rawat and Sashank J. Reddi and Sanjiv Kumar},
      year={2020},
      eprint={2002.07028},
      archivePrefix={arXiv},
      primaryClass={cs.LG}
}

@misc{shelhamer2016fully,
      title={Fully Convolutional Networks for Semantic Segmentation}, 
      author={Evan Shelhamer and Jonathan Long and Trevor Darrell},
      year={2016},
      eprint={1605.06211},
      archivePrefix={arXiv},
      primaryClass={cs.CV}
}

@misc{lin2014network,
      title={Network In Network}, 
      author={Min Lin and Qiang Chen and Shuicheng Yan},
      year={2014},
      eprint={1312.4400},
      archivePrefix={arXiv},
      primaryClass={cs.NE}
}

@misc{VocabularyDictatorship,
    author = "{Britannica, T. Editors of Encyclopaedia}",
    title = "{Dictatorship}",
    year = "2024",
    howpublished = "{Encyclopedia Britannica}",
    url = "https://www.britannica.com/topic/dictatorship",
    note = {Online; accessed 2024-05-08}
    
}

@article{Neumann1928,
author = {Neumann, J. von},
journal = {Mathematische Annalen},
pages = {295-320},
title = {Zur Theorie der Gesellschaftsspiele},
url = {http://eudml.org/doc/159291},
volume = {100},
year = {1928},
}

@article{
doi:10.1073/pnas.36.1.48,
author = {John F. Nash },
title = {Equilibrium points in <i>n</i>-person games},
journal = {Proceedings of the National Academy of Sciences},
volume = {36},
number = {1},
pages = {48-49},
year = {1950},
doi = {10.1073/pnas.36.1.48},
URL = {https://www.pnas.org/doi/abs/10.1073/pnas.36.1.48},
eprint = {https://www.pnas.org/doi/pdf/10.1073/pnas.36.1.48}}

@article{Nash1951,
  added-at = {2009-12-14T10:59:24.000+0100},
  author = {Nash, J.F.},
  biburl = {https://www.bibsonomy.org/bibtex/28f4e15eba228e9919907d8bc3d49cd53/danfunky},
  file = {Paper:articles\\nash1951.pdf:PDF},
  interhash = {b75a1ba66a339d80a27b47d9027f2895},
  intrahash = {8f4e15eba228e9919907d8bc3d49cd53},
  journal = {Annals of Mathematics},
  keywords = {imported},
  number = 2,
  owner = {Funky},
  pages = {286-295},
  timestamp = {2009-12-14T10:59:25.000+0100},
  title = {Non-cooperative Games},
  volume = 54,
  year = 1951
}

@book{books/daglib/0023252,
  added-at = {2011-04-12T00:00:00.000+0200},
  author = {Myerson, Roger B.},
  biburl = {https://www.bibsonomy.org/bibtex/24b9ae641d9b37d9e8a61b3fc4b986f75/dblp},
  ee = {http://www.hup.harvard.edu/catalog/MYEGAM.html},
  interhash = {7e1f19bd5038d677a68df6adeaadc7ca},
  intrahash = {4b9ae641d9b37d9e8a61b3fc4b986f75},
  isbn = {978-0-674-34116-6},
  keywords = {dblp},
  pages = {I-XIII, 1-568},
  publisher = {Harvard University Press},
  timestamp = {2011-04-29T15:26:45.000+0200},
  title = {Game theory - Analysis of Conflict.},
  year = 1997
}

@misc{vaswani2023attention,
      title={Attention Is All You Need}, 
      author={Ashish Vaswani and Noam Shazeer and Niki Parmar and Jakob Uszkoreit and Llion Jones and Aidan N. Gomez and Lukasz Kaiser and Illia Polosukhin},
      year={2023},
      eprint={1706.03762},
      archivePrefix={arXiv},
      primaryClass={cs.CL}
}


@InProceedings{pmlr-v97-han19a,
  title = 	 {Grid-Wise Control for Multi-Agent Reinforcement Learning in Video Game {AI}},
  author =       {Han, Lei and Sun, Peng and Du, Yali and Xiong, Jiechao and Wang, Qing and Sun, Xinghai and Liu, Han and Zhang, Tong},
  booktitle = 	 {Proceedings of the 36th International Conference on Machine Learning},
  pages = 	 {2576--2585},
  year = 	 {2019},
  editor = 	 {Chaudhuri, Kamalika and Salakhutdinov, Ruslan},
  volume = 	 {97},
  series = 	 {Proceedings of Machine Learning Research},
  month = 	 {6},
  publisher =    {PMLR},
  pdf = 	 {http://proceedings.mlr.press/v97/han19a/han19a.pdf},
  url = 	 {https://proceedings.mlr.press/v97/han19a.html},
}

@misc{foerster2017counterfactual,
      title={Counterfactual Multi-Agent Policy Gradients}, 
      author={Jakob Foerster and Gregory Farquhar and Triantafyllos Afouras and Nantas Nardelli and Shimon Whiteson},
      year={2017},
      eprint={1705.08926},
      archivePrefix={arXiv},
      primaryClass={cs.AI}
}

@inproceedings{Lorincz,
author = {Szita, Istvan and Lőrincz, András},
year = {2008},
month = {01},
pages = {1048-1055},
title = {The many faces of optimism: A unifying approach},
journal = {Proceedings of the 25th International Conference on Machine Learning},
doi = {10.1145/1390156.1390288}
}

@misc{enwiki:1223310929,
    author = "{Wikipedia}",
    title = "Binomial distribution --- {Wikipedia}{,} The Free Encyclopedia",
    year = "2024",
    url = "https://en.wikipedia.org/w/index.php?title=Binomial_distribution&oldid=1223310929",
    note = "[Online; accessed 13-May-2024]"
  }